@article{bloom1970space,
  title={Space/time trade-offs in hash coding with allowable errors},
  author={Bloom, Burton H.},
  journal={Communications of the ACM},
  volume={13},
  number={7},
  pages={422--426},
  year={1970},
  publisher={ACM},
  doi={10.1145/362686.362692}
}

@article{cormode2005improved,
  title={An improved data stream summary: the count-min sketch and its applications},
  author={Cormode, Graham and Muthukrishnan, S.},
  journal={Journal of Algorithms},
  volume={55},
  number={1},
  pages={58--75},
  year={2005},
  publisher={Elsevier},
  doi={10.1016/j.jalgor.2003.12.001}
}

@inproceedings{durand2003loglog,
  title={Loglog counting of large cardinalities},
  author={Durand, Marianne and Flajolet, Philippe},
  booktitle={European Symposium on Algorithms},
  pages={605--617},
  year={2003},
  publisher={Springer},
  series={Lecture Notes in Computer Science},
  volume={2832}
}

@inproceedings{breslau1999web,
  title={Web caching and {Z}ipf-like distributions: evidence and implications},
  author={Breslau, Lee and Cao, Pei and Fan, Li and Phillips, Graham and Shenker, Scott},
  booktitle={IEEE INFOCOM '99. Conference on Computer Communications. Proceedings. Eighteenth Annual Joint Conference of the IEEE Computer and Communications Societies},
  volume={1},
  pages={126--134},
  year={1999},
  organization={IEEE},
  doi={10.1109/INFCOM.1999.749260}
}

@article{broder2004network,
  title={Network applications of {B}loom filters: A survey},
  author={Broder, Andrei and Mitzenmacher, Michael},
  journal={Internet Mathematics},
  volume={1},
  number={4},
  pages={485--509},
  year={2004},
  publisher={Taylor \& Francis}
}
